[gd_scene load_steps=15 format=2]

[ext_resource path="res://object/fruit_collision.tscn" type="PackedScene" id=1]
[ext_resource path="res://asset/fruits200/garlic.PNG" type="Texture" id=2]
[ext_resource path="res://asset/fruits200/eggplant.PNG" type="Texture" id=3]
[ext_resource path="res://asset/fruits200/chili.PNG" type="Texture" id=4]
[ext_resource path="res://asset/fruits200/coconut.PNG" type="Texture" id=5]
[ext_resource path="res://object/fruit_sprite.tscn" type="PackedScene" id=6]
[ext_resource path="res://object/fruit_animation.tscn" type="PackedScene" id=7]
[ext_resource path="res://asset/fruits200/watermelon.PNG" type="Texture" id=8]
[ext_resource path="res://asset/fruits200/potato.PNG" type="Texture" id=9]
[ext_resource path="res://asset/fruits200/cabbage.PNG" type="Texture" id=11]
[ext_resource path="res://object/fruit_normal.gd" type="Script" id=12]
[ext_resource path="res://object/fruit_container.tscn" type="PackedScene" id=13]

[sub_resource type="CircleShape2D" id=1]
radius = 110.0

[sub_resource type="SpriteFrames" id=2]
animations = [ {
"frames": [ ExtResource( 11 ), ExtResource( 4 ), ExtResource( 5 ), ExtResource( 3 ), ExtResource( 2 ), ExtResource( 9 ), ExtResource( 8 ) ],
"loop": true,
"name": "default",
"speed": 5.0
} ]

[node name="NormalFruit" type="RigidBody2D"]
collision_mask = 0
script = ExtResource( 12 )

[node name="FruitCollision" parent="." instance=ExtResource( 1 )]
shape = SubResource( 1 )

[node name="FruitContainer" parent="." instance=ExtResource( 13 )]

[node name="FruitAnimation" parent="FruitContainer" instance=ExtResource( 7 )]

[node name="FruitSprite" parent="." instance=ExtResource( 6 )]
frames = SubResource( 2 )

[connection signal="knife_entered" from="." to="." method="_on_NormalFruit_knife_entered"]
[connection signal="knife_exited" from="." to="." method="_on_NormalFruit_knife_exited"]
