[gd_scene load_steps=10 format=2]

[ext_resource path="res://styles/style_box/empty.tres" type="StyleBox" id=1]
[ext_resource path="res://styles/style_box/button_pressed.tres" type="StyleBox" id=2]
[ext_resource path="res://styles/font/button64.tres" type="DynamicFont" id=3]
[ext_resource path="res://styles/style_box/button_normal.tres" type="StyleBox" id=4]
[ext_resource path="res://styles/style_box/button_hover.tres" type="StyleBox" id=5]
[ext_resource path="res://object/menu.gd" type="Script" id=6]
[ext_resource path="res://styles/style_box/menu_bg.tres" type="StyleBox" id=7]
[ext_resource path="res://object/config_language.gd" type="Script" id=8]
[ext_resource path="res://object/language.tscn" type="PackedScene" id=9]

[node name="Menu" type="PopupPanel"]
pause_mode = 2
anchor_left = 0.5
anchor_top = 0.5
anchor_right = 0.5
anchor_bottom = 0.5
margin_left = -237.5
margin_top = -158.5
margin_right = 237.5
margin_bottom = 158.5
custom_styles/panel = ExtResource( 7 )
script = ExtResource( 6 )
__meta__ = {
"_edit_use_anchors_": false
}

[node name="TabContainer" type="TabContainer" parent="."]
margin_left = 32.0
margin_top = 32.0
margin_right = 443.0
margin_bottom = 292.0
custom_styles/panel = ExtResource( 1 )
tabs_visible = false
__meta__ = {
"_edit_use_anchors_": false
}

[node name="Main" type="VBoxContainer" parent="TabContainer"]
anchor_right = 1.0
anchor_bottom = 1.0

[node name="BackToMain" type="Button" parent="TabContainer/Main"]
margin_right = 411.0
margin_bottom = 84.0
custom_colors/font_color_focus = Color( 0.184314, 0.184314, 0.184314, 1 )
custom_colors/font_color = Color( 0.184314, 0.184314, 0.184314, 1 )
custom_colors/font_color_hover = Color( 0.184314, 0.184314, 0.184314, 1 )
custom_colors/font_color_pressed = Color( 0.184314, 0.184314, 0.184314, 1 )
custom_fonts/font = ExtResource( 3 )
custom_styles/hover = ExtResource( 5 )
custom_styles/pressed = ExtResource( 2 )
custom_styles/focus = ExtResource( 1 )
custom_styles/normal = ExtResource( 4 )
text = "MAIN_MENU"

[node name="Language" type="Button" parent="TabContainer/Main" instance=ExtResource( 9 )]
margin_top = 88.0
margin_right = 411.0
margin_bottom = 172.0
text = "LANG_"
script = ExtResource( 8 )

[node name="Close" type="Button" parent="TabContainer/Main"]
margin_top = 176.0
margin_right = 411.0
margin_bottom = 260.0
text = "CLOSE_MENU"

[node name="Main2" type="VBoxContainer" parent="TabContainer"]
visible = false
anchor_right = 1.0
anchor_bottom = 1.0

[connection signal="about_to_show" from="." to="." method="_on_Menu_about_to_show"]
[connection signal="popup_hide" from="." to="." method="_on_Menu_popup_hide"]
[connection signal="pressed" from="TabContainer/Main/BackToMain" to="." method="_on_Button_pressed"]
[connection signal="pressed" from="TabContainer/Main/Language" to="TabContainer/Main/Language" method="_on_Language_pressed"]
[connection signal="pressed" from="TabContainer/Main/Close" to="." method="hide"]
